# IceCube papers

@article{Achterberg:2006md,
      author         = "Achterberg, A. and others",
      title          = "{First Year Performance of The IceCube Neutrino
                        Telescope}",
      collaboration  = "IceCube Collaboration",
      journal        = "Astropart. Phys.",
      volume         = "26",
      year           = "2006",
      pages          = "155-173",
      doi            = "10.1016/j.astropartphys.2006.06.007",
      eprint         = "astro-ph/0604450",
      archivePrefix  = "arXiv",
      primaryClass   = "astro-ph",
      SLACcitation   = "%%CITATION = ASTRO-PH/0604450;%%"
}

@article{Aartsen:2013bka,
      author         = "Aartsen, M. G. and others",
      title          = "{First observation of PeV-energy neutrinos with IceCube}",
      collaboration  = "IceCube Collaboration",
      journal        = "Phys. Rev. Lett.",
      volume         = "111",
      year           = "2013",
      pages          = "021103",
      doi            = "10.1103/PhysRevLett.111.021103",
      eprint         = "1304.5356",
      archivePrefix  = "arXiv",
      primaryClass   = "astro-ph.HE",
      SLACcitation   = "%%CITATION = ARXIV:1304.5356;%%"
}

@article{Aartsen:2013jdh,
      author         = "Aartsen, M. G. and others",
      title          = "{Evidence for High-Energy Extraterrestrial Neutrinos at
                        the IceCube Detector}",
      collaboration  = "IceCube Collaboration",
      journal        = "Science",
      volume         = "342",
      year           = "2013",
      pages          = "1242856",
      doi            = "10.1126/science.1242856",
      eprint         = "1311.5238",
      archivePrefix  = "arXiv",
      primaryClass   = "astro-ph.HE",
      SLACcitation   = "%%CITATION = ARXIV:1311.5238;%%"
}

@article{Aartsen:2014gkd,
      author         = "Aartsen, M. G. and others",
      title          = "{Observation of High-Energy Astrophysical Neutrinos in
                        Three Years of IceCube Data}",
      collaboration  = "IceCube Collaboration",
      journal        = "Phys. Rev. Lett.",
      volume         = "113",
      year           = "2014",
      pages          = "101101",
      doi            = "10.1103/PhysRevLett.113.101101",
      eprint         = "1405.5303",
      archivePrefix  = "arXiv",
      primaryClass   = "astro-ph.HE",
      SLACcitation   = "%%CITATION = ARXIV:1405.5303;%%"
}

@inproceedings{Aartsen:2015zva,
      author         = "Aartsen, M. G. and others",
      title          = "{The IceCube Neutrino Observatory - Contributions to ICRC
                        2015 Part II: Atmospheric and Astrophysical Diffuse
                        Neutrino Searches of All Flavors}",
      booktitle      = "{Proceedings, 34th International Cosmic Ray Conference
                        (ICRC 2015): The Hague, The Netherlands, July 30-August 6,
                        2015}",
      collaboration  = "IceCube Collaboration",
      url            = "https://inspirehep.net/record/1398539/files/arXiv:1510.05223.pdf",
      year           = "2015",
      eprint         = "1510.05223",
      archivePrefix  = "arXiv",
      primaryClass   = "astro-ph.HE",
      SLACcitation   = "%%CITATION = ARXIV:1510.05223;%%"
}

@inproceedings{Aartsen:2017mau,
      author         = "Aartsen, M. G. and others",
      title          = "{The IceCube Neutrino Observatory - Contributions to ICRC
                        2017 Part II: Properties of the Atmospheric and
                        Astrophysical Neutrino Flux}",
      booktitle      = "{Proceedings,  35th International Cosmic Ray Conference
                        (ICRC 2017): Bexco, Busan, Korea, July 12-20, 2017}",
      journal        = "PoS",
      volume         = "ICRC2017",
      collaboration  = "IceCube Collaboration",
      year           = "2017",
      eprint         = "1710.01191",
      archivePrefix  = "arXiv",
      primaryClass   = "astro-ph.HE",
      SLACcitation   = "%%CITATION = ARXIV:1710.01191;%%"
}

@article{Aartsen:2015rwa,
      author         = "Aartsen, M. G. and others",
      title          = "{Evidence for Astrophysical Muon Neutrinos from the
                        Northern Sky with IceCube}",
      collaboration  = "IceCube Collaboration",
      journal        = "Phys. Rev. Lett.",
      volume         = "115",
      year           = "2015",
      number         = "8",
      pages          = "081102",
      doi            = "10.1103/PhysRevLett.115.081102",
      eprint         = "1507.04005",
      archivePrefix  = "arXiv",
      primaryClass   = "astro-ph.HE",
      SLACcitation   = "%%CITATION = ARXIV:1507.04005;%%"
}

@article{Aartsen:2016xlq,
      author         = "Aartsen, M. G. and others",
      title          = "{Observation and Characterization of a Cosmic Muon
                        Neutrino Flux from the Northern Hemisphere using six years
                        of IceCube data}",
      collaboration  = "IceCube Collaboration",
      journal        = "Astrophys. J.",
      volume         = "833",
      year           = "2016",
      number         = "1",
      pages          = "3",
      doi            = "10.3847/0004-637X/833/1/3",
      eprint         = "1607.08006",
      archivePrefix  = "arXiv",
      primaryClass   = "astro-ph.HE",
      SLACcitation   = "%%CITATION = ARXIV:1607.08006;%%"
}

@article{Aartsen:2014muf,
      author         = "Aartsen, M. G. and others",
      title          = "{Atmospheric and astrophysical neutrinos above 1 TeV
                        interacting in IceCube}",
      collaboration  = "IceCube Collaboration",
      journal        = "Phys. Rev.",
      volume         = "D91",
      year           = "2015",
      number         = "2",
      pages          = "022001",
      doi            = "10.1103/PhysRevD.91.022001",
      eprint         = "1410.1749",
      archivePrefix  = "arXiv",
      primaryClass   = "astro-ph.HE",
      SLACcitation   = "%%CITATION = ARXIV:1410.1749;%%"
}



# ANTARES

@article{Albert:2017nsd,
      author         = "Albert, A. and others",
      title          = "{All-flavor Search for a Diffuse Flux of Cosmic Neutrinos
                        with Nine Years of ANTARES Data}",
      collaboration  = "ANTARES Collaboration",
      journal        = "Astrophys. J.",
      volume         = "853",
      year           = "2018",
      number         = "1",
      pages          = "L7",
      doi            = "10.3847/2041-8213/aaa4f6",
      eprint         = "1711.07212",
      archivePrefix  = "arXiv",
      primaryClass   = "astro-ph.HE",
      SLACcitation   = "%%CITATION = ARXIV:1711.07212;%%"
}



# nuFATE

@article{Vincent:2017svp,
      author         = "Vincent, A.~C. and Arg{\"u}elles, C.~A. and
                        Kheirandish, A.",
      title          = "{High-energy neutrino attenuation in the Earth and its
                        associated uncertainties}",
      journal        = "JCAP",
      volume         = "1711",
      year           = "2017",
      number         = "11",
      pages          = "012",
      doi            = "10.1088/1475-7516/2017/11/012",
      note           = "[JCAP1711,012(2017)]",
      eprint         = "1706.09895",
      archivePrefix  = "arXiv",
      primaryClass   = "hep-ph",
      SLACcitation   = "%%CITATION = ARXIV:1706.09895;%%"
}



# Self-veto

@article{Schonert:2008is,
	author         = "Sch{\"o}nert, S. and Gaisser, T. K. and Resconi, E. and Schulz, O.",
	title          = "{Vetoing atmospheric neutrinos in a high energy neutrino
		telescope}",
	journal        = "Phys. Rev.",
	volume         = "D79",
	year           = "2009",
	pages          = "043009",
	doi            = "10.1103/PhysRevD.79.043009",
	eprint         = "0812.4308",
	archivePrefix  = "arXiv",
	primaryClass   = "astro-ph",
	SLACcitation   = "%%CITATION = ARXIV:0812.4308;%%"
}

@article{Gaisser:2014bja,
	author         = "Gaisser, T. K. and Jero, K. and Karle, A. and van Santen, J.",
	title          = "{Generalized self-veto probability for atmospheric
		neutrinos}",
	journal        = "Phys. Rev.",
	volume         = "D90",
	year           = "2014",
	number         = "2",
	pages          = "023009",
	doi            = "10.1103/PhysRevD.90.023009",
	eprint         = "1405.0525",
	archivePrefix  = "arXiv",
	primaryClass   = "astro-ph.HE",
	SLACcitation   = "%%CITATION = ARXIV:1405.0525;%%"
}

@article{Chirkin:2004hz,
      author         = "Chirkin, D. and Rhode, W.",
      title          = "{Muon Monte Carlo: A high-precision tool for muon
                        propagation through matter}",
      year           = "2004",
      eprint         = "hep-ph/0407075",
      archivePrefix  = "arXiv",
      primaryClass   = "hep-ph",
      SLACcitation   = "%%CITATION = HEP-PH/0407075;%%"
}

@article{Koehne:2013gpa,
      author         = "Koehne, J. H. and Frantzen, K. and Schmitz, M. and Fuchs,
                        T. and Rhode, W. and Chirkin, D. and Becker Tjus, J.",
      title          = "{PROPOSAL: A tool for propagation of charged leptons}",
      journal        = "Comput. Phys. Commun.",
      volume         = "184",
      year           = "2013",
      pages          = "2070-2090",
      doi            = "10.1016/j.cpc.2013.04.001",
      SLACcitation   = "%%CITATION = CPHCB,184,2070;%%"
}


# Atmospheric conventional neutrino fluxes

@article{Gaisser:2002jj,
      author         = "Gaisser, T. K. and Honda, M.",
      title          = "{Flux of atmospheric neutrinos}",
      journal        = "Ann. Rev. Nucl. Part. Sci.",
      volume         = "52",
      year           = "2002",
      pages          = "153-199",
      doi            = "10.1146/annurev.nucl.52.050102.090645",
      eprint         = "hep-ph/0203272",
      archivePrefix  = "arXiv",
      primaryClass   = "hep-ph",
      SLACcitation   = "%%CITATION = HEP-PH/0203272;%%"
}

@article{Barr:2004br,
      author         = "Barr, G. D. and Gaisser, T. K. and Lipari, P. and
                        Robbins, S. and Stanev, T.",
      title          = "{A three-dimensional calculation of atmospheric
                        neutrinos}",
      journal        = "Phys. Rev.",
      volume         = "D70",
      year           = "2004",
      pages          = "023006",
      doi            = "10.1103/PhysRevD.70.023006",
      eprint         = "astro-ph/0403630",
      archivePrefix  = "arXiv",
      primaryClass   = "astro-ph",
      SLACcitation   = "%%CITATION = ASTRO-PH/0403630;%%"
}

@article{Honda:2006qj,
      author         = "Honda, M. and Kajita, T. and Kasahara, K. and
                        Midorikawa, S. and Sanuki, T.",
      title          = "{Calculation of atmospheric neutrino flux using the
                        interaction model calibrated with atmospheric muon data}",
      journal        = "Phys. Rev.",
      volume         = "D75",
      year           = "2007",
      pages          = "043006",
      doi            = "10.1103/PhysRevD.75.043006",
      eprint         = "astro-ph/0611418",
      archivePrefix  = "arXiv",
      primaryClass   = "astro-ph",
      SLACcitation   = "%%CITATION = ASTRO-PH/0611418;%%"
}

@article{Honda:2011nf,
      author         = "Honda, M. and Kajita, T. and Kasahara, K. and Midorikawa,
                        S.",
      title          = "{Improvement of low energy atmospheric neutrino flux
                        calculation using the JAM nuclear interaction model}",
      journal        = "Phys. Rev.",
      volume         = "D83",
      year           = "2011",
      pages          = "123001",
      doi            = "10.1103/PhysRevD.83.123001",
      eprint         = "1102.2688",
      archivePrefix  = "arXiv",
      primaryClass   = "astro-ph.HE",
      SLACcitation   = "%%CITATION = ARXIV:1102.2688;%%"
}

@article{Petrova:2012qf,
      author         = "Petrova, O. N. and Sinegovskaya, T. S. and Sinegovsky, S.
                        I.",
      title          = "{High-energy spectra of atmospheric neutrinos}",
      journal        = "Phys. Part. Nucl. Lett.",
      volume         = "9",
      year           = "2012",
      pages          = "766-768",
      doi            = "10.1134/S1547477112070138",
      SLACcitation   = "%%CITATION = 00438,9,766;%%"
}

@article{Sinegovskaya:2014pia,
      author         = "Sinegovskaya, T. S. and Morozova, A. D. and Sinegovsky,
                        S. I.",
      title          = "{High-energy neutrino fluxes and flavor ratio in the
                        Earth’s atmosphere}",
      journal        = "Phys. Rev.",
      volume         = "D91",
      year           = "2015",
      number         = "6",
      pages          = "063011",
      doi            = "10.1103/PhysRevD.91.063011",
      eprint         = "1407.3591",
      archivePrefix  = "arXiv",
      primaryClass   = "astro-ph.HE",
      SLACcitation   = "%%CITATION = ARXIV:1407.3591;%%"
}

@article{Gaisser:2014pda,
      author         = "Gaisser, T. K. and Klein, S. R.",
      title          = "{A new contribution to the conventional atmospheric
                        neutrino flux}",
      journal        = "Astropart. Phys.",
      volume         = "64",
      year           = "2015",
      pages          = "13-17",
      doi            = "10.1016/j.astropartphys.2014.10.006",
      eprint         = "1409.4924",
      archivePrefix  = "arXiv",
      primaryClass   = "astro-ph.HE",
      SLACcitation   = "%%CITATION = ARXIV:1409.4924;%%"
}

@article{Honda:2015fha,
      author         = "Honda, M. and Sajjad Athar, M. and Kajita, T. and
                        Kasahara, K. and Midorikawa, S.",
      title          = "{Atmospheric neutrino flux calculation using the
                        NRLMSISE-00 atmospheric model}",
      journal        = "Phys. Rev.",
      volume         = "D92",
      year           = "2015",
      number         = "2",
      pages          = "023004",
      doi            = "10.1103/PhysRevD.92.023004",
      eprint         = "1502.03916",
      archivePrefix  = "arXiv",
      primaryClass   = "astro-ph.HE",
      SLACcitation   = "%%CITATION = ARXIV:1502.03916;%%"
}



# Atmospheric prompt neutrino fluxes

@article{Gondolo:1995fq,
      author         = "Gondolo, P. and Ingelman, G. and Thunman, M.",
      title          = "{Charm production and high-energy atmospheric muon and
                        neutrino fluxes}",
      journal        = "Astropart. Phys.",
      volume         = "5",
      year           = "1996",
      pages          = "309-332",
      doi            = "10.1016/0927-6505(96)00033-3",
      eprint         = "hep-ph/9505417",
      archivePrefix  = "arXiv",
      primaryClass   = "hep-ph",
      reportNumber   = "TSL-ISV-95-0120, PAR-LPTHE-95-29",
      SLACcitation   = "%%CITATION = HEP-PH/9505417;%%"
}

@article{Pasquali:1998ji,
      author         = "Pasquali, L. and Reno, M. H. and Sarcevic, I.",
      title          = "{Lepton fluxes from atmospheric charm}",
      journal        = "Phys. Rev.",
      volume         = "D59",
      year           = "1999",
      pages          = "034020",
      doi            = "10.1103/PhysRevD.59.034020",
      eprint         = "hep-ph/9806428",
      archivePrefix  = "arXiv",
      primaryClass   = "hep-ph",
      SLACcitation   = "%%CITATION = HEP-PH/9806428;%%"
}

@article{Pasquali:1998xf,
      author         = "Pasquali, L. and Reno, M. H.",
      title          = "{Tau-neutrino fluxes from atmospheric charm}",
      journal        = "Phys. Rev.",
      volume         = "D59",
      year           = "1999",
      pages          = "093003",
      doi            = "10.1103/PhysRevD.59.093003",
      eprint         = "hep-ph/9811268",
      archivePrefix  = "arXiv",
      primaryClass   = "hep-ph",
      SLACcitation   = "%%CITATION = HEP-PH/9811268;%%"
}

@article{Martin:2003us,
      author         = "Martin, A. D. and Ryskin, M. G. and Stasto, A. M.",
      title          = "{Prompt neutrinos from atmospheric $c \bar{c}$ and $b
                        \bar{b}$ production and the gluon at very small x}",
      journal        = "Acta Phys. Polon.",
      volume         = "B34",
      year           = "2003",
      pages          = "3273-3304",
      eprint         = "hep-ph/0302140",
      archivePrefix  = "arXiv",
      primaryClass   = "hep-ph",
      reportNumber   = "IPPP-03-05, DCPT-03-10, DESY-02-227",
      SLACcitation   = "%%CITATION = HEP-PH/0302140;%%"
}

@article{Enberg:2008te,
      author         = "Enberg, R. and Reno, M. H. and Sarcevic, I.",
      title          = "{Prompt neutrino fluxes from atmospheric charm}",
      journal        = "Phys. Rev.",
      volume         = "D78",
      year           = "2008",
      pages          = "043005",
      doi            = "10.1103/PhysRevD.78.043005",
      eprint         = "0806.0418",
      archivePrefix  = "arXiv",
      primaryClass   = "hep-ph",
      SLACcitation   = "%%CITATION = ARXIV:0806.0418;%%"
}

@article{Bhattacharya:2015jpa,
      author         = "Bhattacharya, A. and Enberg, R. and Reno, M. H.
                        and Sarcevic, I. and Stasto, A.",
      title          = "{Perturbative charm production and the prompt atmospheric
                        neutrino flux in light of RHIC and LHC}",
      journal        = "JHEP",
      volume         = "06",
      year           = "2015",
      pages          = "110",
      doi            = "10.1007/JHEP06(2015)110",
      eprint         = "1502.01076",
      archivePrefix  = "arXiv",
      primaryClass   = "hep-ph",
      reportNumber   = "NORDITA-2015-9",
      SLACcitation   = "%%CITATION = ARXIV:1502.01076;%%"
}

@article{Garzelli:2015psa,
      author         = "Garzelli, M. V. and Moch, S. and Sigl, G.",
      title          = "{Lepton fluxes from atmospheric charm revisited}",
      journal        = "JHEP",
      volume         = "10",
      year           = "2015",
      pages          = "115",
      doi            = "10.1007/JHEP10(2015)115",
      eprint         = "1507.01570",
      archivePrefix  = "arXiv",
      primaryClass   = "hep-ph",
      reportNumber   = "DESY-15-107, MITP-15-049",
      SLACcitation   = "%%CITATION = ARXIV:1507.01570;%%"
}

@article{Gauld:2015yia,
      author         = "Gauld, R. and Rojo, J. and Rottoli, L. and
                        Talbert, J.",
      title          = "{Charm production in the forward region: constraints on
                        the small-x gluon and backgrounds for neutrino astronomy}",
      journal        = "JHEP",
      volume         = "11",
      year           = "2015",
      pages          = "009",
      doi            = "10.1007/JHEP11(2015)009",
      eprint         = "1506.08025",
      archivePrefix  = "arXiv",
      primaryClass   = "hep-ph",
      reportNumber   = "OUTP-15-06P, DCPT-15-32, IPPP-15-16",
      SLACcitation   = "%%CITATION = ARXIV:1506.08025;%%"
}

@article{Gauld:2015kvh,
      author         = "Gauld, R. and Rojo, J. and Rottoli, L. and
                        Sarkar, S. and Talbert, J.",
      title          = "{The prompt atmospheric neutrino flux in the light of
                        LHCb}",
      journal        = "JHEP",
      volume         = "02",
      year           = "2016",
      pages          = "130",
      doi            = "10.1007/JHEP02(2016)130",
      eprint         = "1511.06346",
      archivePrefix  = "arXiv",
      primaryClass   = "hep-ph",
      reportNumber   = "OUTP-15-26P, DCPT-15-128, IPPP-15-64",
      SLACcitation   = "%%CITATION = ARXIV:1511.06346;%%"
}

@article{Bhattacharya:2016jce,
      author         = "Bhattacharya, A. and Enberg, R. and Jeong, Y. S.
                        and Kim, C. S. and Reno, M. H. and Sarcevic, I. and
                        Stasto, A.",
      title          = "{Prompt atmospheric neutrino fluxes: perturbative QCD
                        models and nuclear effects}",
      journal        = "JHEP",
      volume         = "11",
      year           = "2016",
      pages          = "167",
      doi            = "10.1007/JHEP11(2016)167",
      eprint         = "1607.00193",
      archivePrefix  = "arXiv",
      primaryClass   = "hep-ph",
      SLACcitation   = "%%CITATION = ARXIV:1607.00193;%%"
}

@article{Garzelli:2016xmx,
      author         = "Garzelli, M. V. and Moch, S. and Zenaiev, O. and
                        Cooper-Sarkar, A. and Geiser, A. and Lipka, K. and
                        Placakyte, R. and Sigl, G.",
      title          = "{Prompt neutrino fluxes in the atmosphere with PROSA
                        parton distribution functions}",
      collaboration  = "PROSA",
      journal        = "JHEP",
      volume         = "05",
      year           = "2017",
      pages          = "004",
      doi            = "10.1007/JHEP05(2017)004",
      eprint         = "1611.03815",
      archivePrefix  = "arXiv",
      primaryClass   = "hep-ph",
      reportNumber   = "DESY-16-152",
      SLACcitation   = "%%CITATION = ARXIV:1611.03815;%%"
}

@article{Benzke:2017yjn,
      author         = "Benzke, M. and Garzelli, M. V. and Kniehl, B. and Kramer,
                        G. and Moch, S. and Sigl, G.",
      title          = "{Prompt neutrinos from atmospheric charm in the
                        general-mass variable-flavor-number scheme}",
      journal        = "JHEP",
      volume         = "12",
      year           = "2017",
      pages          = "021",
      doi            = "10.1007/JHEP12(2017)021",
      eprint         = "1705.10386",
      archivePrefix  = "arXiv",
      primaryClass   = "hep-ph",
      reportNumber   = "DESY-17-073",
      SLACcitation   = "%%CITATION = ARXIV:1705.10386;%%"
}

@article{Sinegovsky:2017gkg,
      author         = "Sinegovsky, S. I. and Sorokovikov, M. N.",
      title          = "{Production of charmed particles in the quark-gluon
                        string model and estimate of their contributions to
                        atmospheric neutrino fluxes}",
      journal        = "Russ. Phys. J.",
      volume         = "60",
      year           = "2017",
      number         = "7",
      pages          = "1189-1196",
      doi            = "10.1007/s11182-017-1194-4",
      SLACcitation   = "%%CITATION = RPJOE,60,1189;%%"
}



# nutau fluxes

@article{Bulmahn:2010pg,
      author         = "Bulmahn, A. and Reno, M.~H.",
      title          = "{Secondary atmospheric tau neutrino production}",
      journal        = "Phys. Rev.",
      volume         = "D82",
      year           = "2010",
      pages          = "057302",
      doi            = "10.1103/PhysRevD.82.057302",
      eprint         = "1007.4989",
      archivePrefix  = "arXiv",
      primaryClass   = "hep-ph",
      SLACcitation   = "%%CITATION = ARXIV:1007.4989;%%"
}



# CORSIKA

@article{Heck:1998vt,
      author         = "Heck, D. and Schatz, G. and Thouw, T. and Knapp, J. and
                        Capdevielle, J. N.",
      title          = "{CORSIKA: A Monte Carlo code to simulate extensive air
                        showers}",
      journal        = "FZKA-6019",                        
      year           = "1998",
      url            = "https://web.ikp.kit.edu/corsika/physics_description/corsika_phys.pdf",
      SLACcitation   = "%%CITATION = FZKA-6019;%%"
}

@article{Heck:2018,
      author         = "Heck, D. and Pierog, T.",
      title          = "{Extensive Air Shower Simulations with CORSIKA: A User's Guide}",
      year           = "2018",
      url            = "https://web.ikp.kit.edu/corsika/usersguide/usersguide.pdf"
}




# PYTHIA

@article{Sjostrand:2008py,
    author = "Sjöstrand, T. and Mrenna, S. and Skands, P.",
    title = {A brief introduction to PYTHIA 8.1},
    journal = "Comput. Phys. Commun.",
    volume = "178",
    number = "11",
    pages = "852 - 867",
    year = "2008",
    issn = "0010-4655",
    doi = "https://doi.org/10.1016/j.cpc.2008.01.036",
    url = "http://www.sciencedirect.com/science/article/pii/S0010465508000441",
    keywords = "Event generators, Multiparticle production, Parton showers, Multiple interactions, Hadronisation"
}




# CR spectra

@article{Hoerandel:2002yg,
      author         = "Hoerandel, J. R.",
      title          = "{On the knee in the energy spectrum of cosmic rays}",
      journal        = "Astropart. Phys.",
      volume         = "19",
      year           = "2003",
      pages          = "193-220",
      doi            = "10.1016/S0927-6505(02)00198-6",
      eprint         = "astro-ph/0210453",
      archivePrefix  = "arXiv",
      primaryClass   = "astro-ph",
      SLACcitation   = "%%CITATION = ASTRO-PH/0210453;%%"
}

@article{Zatsepin:2006ci,
      author         = "Zatsepin, V. I. and Sokolskaya, N. V.",
      title          = "{Three component model of cosmic ray spectra from 100-gev
                        up to 100-pev}",
      journal        = "Astron. Astrophys.",
      volume         = "458",
      year           = "2006",
      pages          = "1-5",
      doi            = "10.1051/0004-6361:20065108",
      eprint         = "astro-ph/0601475",
      archivePrefix  = "arXiv",
      primaryClass   = "astro-ph",
      SLACcitation   = "%%CITATION = ASTRO-PH/0601475;%%"
}

@inproceedings{Hillas:2006ms,
      author         = "Hillas, A. M.",
      title          = "{Cosmic Rays: Recent Progress and some Current
                        Questions}",
      booktitle      = "{Conference on Cosmology, Galaxy Formation and
                        Astro-Particle Physics on the Pathway to the SKA Oxford,
                        England, April 10-12, 2006}",
      year           = "2006",
      eprint         = "astro-ph/0607109",
      archivePrefix  = "arXiv",
      primaryClass   = "astro-ph",
      SLACcitation   = "%%CITATION = ASTRO-PH/0607109;%%"
}

@article{Gaisser:2011cc,
      author         = "Gaisser, T. K.",
      title          = "{Spectrum of cosmic-ray nucleons, kaon production, and
                        the atmospheric muon charge ratio}",
      journal        = "Astropart. Phys.",
      volume         = "35",
      year           = "2012",
      pages          = "801-806",
      doi            = "10.1016/j.astropartphys.2012.02.010",
      eprint         = "1111.6675",
      archivePrefix  = "arXiv",
      primaryClass   = "astro-ph.HE",
      SLACcitation   = "%%CITATION = ARXIV:1111.6675;%%"
}

@article{Gaisser:2013bla,
      author         = "Gaisser, T. K. and Stanev, T. and Tilav, S.",
      title          = "{Cosmic ray energy spectrum from measurements of air showers}",
      journal        = "Front. Phys.(Beijing)",
      volume         = "8",
      year           = "2013",
      pages          = "748-758",
      doi            = "10.1007/s11467-013-0319-7",
      eprint         = "1303.3565",
      archivePrefix  = "arXiv",
      primaryClass   = "astro-ph.HE",
      SLACcitation   = "%%CITATION = ARXIV:1303.3565;%%"
}

@article{Abraham:2010yv,
      author         = "Abraham, J. and others",
      title          = "{Measurement of the depth of maximum of extensive air
                        showers above $10^{18}$ eV}",
      collaboration  = "Pierre Auger Collaboration",
      journal        = "Phys. Rev. Lett.",
      volume         = "104",
      year           = "2010",
      pages          = "091101",
      doi            = "10.1103/PhysRevLett.104.091101",
      eprint         = "1002.0699",
      archivePrefix  = "arXiv",
      primaryClass   = "astro-ph.HE",
      reportNumber   = "FERMILAB-PUB-10-065-A-PPD",
      SLACcitation   = "%%CITATION = ARXIV:1002.0699;%%"
}

@article{Aab:2014aea,
      author         = "Aab, A. and others",
      title          = "{Depth of maximum of air-shower profiles at the Pierre
                        Auger Observatory. II. Composition implications}",
      collaboration  = "Pierre Auger Collaboration",
      journal        = "Phys. Rev.",
      volume         = "D90",
      year           = "2014",
      number         = "12",
      pages          = "122006",
      doi            = "10.1103/PhysRevD.90.122006",
      eprint         = "1409.5083",
      archivePrefix  = "arXiv",
      primaryClass   = "astro-ph.HE",
      reportNumber   = "FERMILAB-PUB-14-347-AD-AE-CD-TD",
      SLACcitation   = "%%CITATION = ARXIV:1409.5083;%%"
}

@article{Dembinski:2017zsh,
      author         = "Dembinski, H. P. and Engel, R. and Fedynitch, A. and Gaisser, T. and Riehn, F. and Stanev, T.",
      title          = "{Data-driven model of the cosmic-ray flux and mass
                        composition from 10 GeV to $10^{11}$ GeV}",
      booktitle      = "{Proceedings,  35th International Cosmic Ray Conference
                        (ICRC 2017): Bexco, Busan, Korea, July 12-20, 2017}",
      journal        = "PoS",
      volume         = "ICRC2017",
      year           = "2017",
      pages          = "533",
      eprint         = "1711.11432",
      archivePrefix  = "arXiv",
      primaryClass   = "astro-ph.HE",
      SLACcitation   = "%%CITATION = ARXIV:1711.11432;%%"
}

@article{Fedynitch:2012fs,
      author         = "Fedynitch, A. and Becker Tjus, J. and Desiati, P.",
      title          = "{Influence of hadronic interaction models and the cosmic
                        ray spectrum on the high energy atmospheric muon and
                        neutrino flux}",
      journal        = "Phys. Rev.",
      volume         = "D86",
      year           = "2012",
      pages          = "114024",
      doi            = "10.1103/PhysRevD.86.114024",
      eprint         = "1206.6710",
      archivePrefix  = "arXiv",
      primaryClass   = "astro-ph.HE",
      SLACcitation   = "%%CITATION = ARXIV:1206.6710;%%"
}




# Hadronic models

@article{Gribov:1968fc,
      author         = "Gribov, V. N.",
      title          = "{A Reggeon diagram technique}",
      journal        = "Sov. Phys. JETP",
      volume         = "26",
      year           = "1968",
      pages          = "414-422",
      note           = "[Zh. Eksp. Teor. Fiz.53,654(1967)]",
      SLACcitation   = "%%CITATION = SPHJA,26,414;%%"
}

@article{Capella:1977me,
      author         = "Capella, A. and Krzywicki, A.",
      title          = "{A Theoretical Model of Soft Hadron-Nucleus Collisions at
                        High-Energies}",
      journal        = "Phys. Rev.",
      volume         = "D18",
      year           = "1978",
      pages          = "3357",
      doi            = "10.1103/PhysRevD.18.3357",
      reportNumber   = "LPTPE 77/31",
      SLACcitation   = "%%CITATION = PHRVA,D18,3357;%%"
}

@article{Capella:1981xr,
      author         = "Capella, A. and Tran Thanh Van, J.",
      title          = "{Hadron-Nucleus Interactions and the Leading Particle
                        Effect in a Dual Parton Model}",
      journal        = "Z. Phys.",
      volume         = "C10",
      year           = "1981",
      pages          = "249-262",
      doi            = "10.1007/BF01549733",
      reportNumber   = "LPTHE-81-2",
      SLACcitation   = "%%CITATION = ZEPYA,C10,249;%%"
}

@article{Capella:1992yb,
      author         = "Capella, A. and Sukhatme, U. and Tan, C-I and Tran Thanh
                        Van, J.",
      title          = "{Dual parton model}",
      journal        = "Phys. Rept.",
      volume         = "236",
      year           = "1994",
      pages          = "225-329",
      doi            = "10.1016/0370-1573(94)90064-7",
      reportNumber   = "LPTHE-ORSAY-92-38",
      SLACcitation   = "%%CITATION = PRPLC,236,225;%%"
}

@article{Engel:1996yb,
      author         = "Engel, R. and Ranft, J. and Roesler, S.",
      title          = "{Photoproduction off nuclei and point - like photon
                        interactions 1. Cross-sections and nuclear shadowing}",
      journal        = "Phys. Rev.",
      volume         = "D55",
      year           = "1997",
      pages          = "6957-6967",
      doi            = "10.1103/PhysRevD.55.6957",
      eprint         = "hep-ph/9610281",
      archivePrefix  = "arXiv",
      primaryClass   = "hep-ph",
      reportNumber   = "SI-96-09, US-FT-42-96",
      SLACcitation   = "%%CITATION = HEP-PH/9610281;%%"
}

@article{Roesler:1998wy,
      author         = "Roesler, S. and Engel, R. and Ranft, J.",
      title          = "{Photoproduction off nuclei: Particle and jet
                        production}",
      journal        = "Phys. Rev.",
      volume         = "D57",
      year           = "1998",
      pages          = "2889-2902",
      doi            = "10.1103/PhysRevD.57.2889",
      SLACcitation   = "%%CITATION = PHRVA,D57,2889;%%"
}

@article{Engel:1994vs,
      author         = "Engel, R.",
      title          = "{Photoproduction within the two component dual parton
                        model. 1. Amplitudes and cross-sections}",
      journal        = "Z. Phys.",
      volume         = "C66",
      year           = "1995",
      pages          = "203-214",
      doi            = "10.1007/BF01496594",
      reportNumber   = "UL-HEP-94-1, SI-94-2",
      SLACcitation   = "%%CITATION = ZEPYA,C66,203;%%"
}

@article{Engel:1995yda,
      author         = "Engel, R. and Ranft, J.",
      title          = "{Hadronic photon-photon interactions at high-energies}",
      journal        = "Phys. Rev.",
      volume         = "D54",
      year           = "1996",
      pages          = "4244-4262",
      doi            = "10.1103/PhysRevD.54.4244",
      eprint         = "hep-ph/9509373",
      archivePrefix  = "arXiv",
      primaryClass   = "hep-ph",
      reportNumber   = "ENSLAPP-A-540-95, SI-95-08",
      SLACcitation   = "%%CITATION = HEP-PH/9509373;%%"
}

@article{Ranft:1994fd,
      author         = "Ranft, J.",
      title          = "{The Dual parton model at cosmic ray energies}",
      journal        = "Phys. Rev.",
      volume         = "D51",
      year           = "1995",
      pages          = "64-84",
      doi            = "10.1103/PhysRevD.51.64",
      reportNumber   = "PRINT-94-0138 (FRASCATI), LNF-94-035-P",
      SLACcitation   = "%%CITATION = PHRVA,D51,64;%%"
}

@article{Ranft:1999fy,
      author         = "Ranft, J.",
      title          = "{New features in DPMJET version II.5}",
      year           = "1999",
      eprint         = "hep-ph/9911213",
      archivePrefix  = "arXiv",
      primaryClass   = "hep-ph",
      reportNumber   = "SI-99-5",
      SLACcitation   = "%%CITATION = HEP-PH/9911213;%%"
}

@article{Ranft:1999qe,
      author         = "Ranft, J.",
      title          = "{DPMJET version II.5: Sampling of hadron hadron, hadron -
                        nucleus and nucleus-nucleus interactions at accelerator
                        and cosmic ray energies according to the two component
                        dual parton model: Code manual}",
      year           = "1999",
      eprint         = "hep-ph/9911232",
      archivePrefix  = "arXiv",
      primaryClass   = "hep-ph",
      reportNumber   = "SI-99-6",
      SLACcitation   = "%%CITATION = HEP-PH/9911232;%%"
}

@article{Berghaus:2007hp,
      author         = "Berghaus, P. and Montaruli, T. and Ranft, J.",
      title          = "{Charm production in DPMJET}",
      journal        = "JCAP",
      volume         = "0806",
      year           = "2008",
      pages          = "003",
      doi            = "10.1088/1475-7516/2008/06/003",
      eprint         = "0712.3089",
      archivePrefix  = "arXiv",
      primaryClass   = "hep-ex",
      SLACcitation   = "%%CITATION = ARXIV:0712.3089;%%"
}

@article{Abt:2007zg,
      author         = "Abt, I. and others",
      title          = "{Measurement of $D^0$, $D^+$, $D^+_s$ and $D^{*+}$ production in fixed
                        target 920-GeV proton-nucleus collisions}",
      collaboration  = "HERA-B Collaboration",
      journal        = "Eur. Phys. J.",
      volume         = "C52",
      year           = "2007",
      pages          = "531-542",
      doi            = "10.1140/epjc/s10052-007-0427-z",
      eprint         = "0708.1443",
      archivePrefix  = "arXiv",
      primaryClass   = "hep-ex",
      reportNumber   = "DESY-07-119",
      SLACcitation   = "%%CITATION = ARXIV:0708.1443;%%"
}

@inproceedings{Roesler:2000he,
      author         = "Roesler, S. and Engel, R. and Ranft, J.",
      title          = "{The Monte Carlo event generator DPMJET-III}",
      booktitle      = "{Advanced Monte Carlo for radiation physics, particle
                        transport simulation and applications. Proceedings,
                        Conference, MC2000, Lisbon, Portugal, October 23-26,
                        2000}",
      url            = "http://www-public.slac.stanford.edu/sciDoc/docMeta.aspx?slacPubNumber=SLAC-PUB-8740",
      year           = "2000",
      pages          = "1033-1038",
      doi            = "10.1007/978-3-642-18211-2_166",
      eprint         = "hep-ph/0012252",
      archivePrefix  = "arXiv",
      primaryClass   = "hep-ph",
      reportNumber   = "SLAC-PUB-8740",
      SLACcitation   = "%%CITATION = HEP-PH/0012252;%%"
}

@article{Ahn:2009wx,
      author         = "Ahn, E.-J. and Engel, R. and Gaisser, T. K. and
                        Lipari, P. and Stanev, T.",
      title          = "{Cosmic ray interaction event generator SIBYLL 2.1}",
      journal        = "Phys. Rev.",
      volume         = "D80",
      year           = "2009",
      pages          = "094003",
      doi            = "10.1103/PhysRevD.80.094003",
      eprint         = "0906.4113",
      archivePrefix  = "arXiv",
      primaryClass   = "hep-ph",
      reportNumber   = "FERMILAB-PUB-09-304-AE",
      SLACcitation   = "%%CITATION = ARXIV:0906.4113;%%"
}

@article{Kalmykov:1997te,
      author         = "Kalmykov, N. N. and Ostapchenko, S. S. and Pavlov, A. I.",
      title          = "{Quark-gluon string model and EAS simulation problems at
                        ultra-high energies}",
      booktitle      = "{Proceedings, 9th International Symposium on Very High
                        Energy Cosmic Ray Interactions (ISVHECRI 1996): Karlsruhe,
                        Germany, August 19-23, 1996}",
      journal        = "Nucl. Phys. Proc. Suppl.",
      volume         = "52",
      year           = "1997",
      pages          = "17-28",
      doi            = "10.1016/S0920-5632(96)00846-8",
      SLACcitation   = "%%CITATION = NUPHZ,52,17;%%"
}

@article{Ostapchenko:2010vb,
      author         = "Ostapchenko, S.",
      title          = "{Monte Carlo treatment of hadronic interactions in
                        enhanced Pomeron scheme: I. QGSJET-II model}",
      journal        = "Phys. Rev.",
      volume         = "D83",
      year           = "2011",
      pages          = "014018",
      doi            = "10.1103/PhysRevD.83.014018",
      eprint         = "1010.1869",
      archivePrefix  = "arXiv",
      primaryClass   = "hep-ph",
      SLACcitation   = "%%CITATION = ARXIV:1010.1869;%%"
}

@article{Drescher:2000ha,
      author         = "Drescher, H. J. and Hladik, M. and Ostapchenko, S. and
                        Pierog, T. and Werner, K.",
      title          = "{Parton-Based Gribov-Regge theory}",
      journal        = "Phys. Rept.",
      volume         = "350",
      year           = "2001",
      pages          = "93-289",
      doi            = "10.1016/S0370-1573(00)00122-8",
      eprint         = "hep-ph/0007198",
      archivePrefix  = "arXiv",
      primaryClass   = "hep-ph",
      reportNumber   = "SUBATECH-00-06",
      SLACcitation   = "%%CITATION = HEP-PH/0007198;%%"
}

@article{Werner:1993uh,
      author         = "Werner, K.",
      title          = "{Strings, pomerons, and the venus model of hadronic
                        interactions at ultrarelativistic energies}",
      journal        = "Phys. Rept.",
      volume         = "232",
      year           = "1993",
      pages          = "87-299",
      doi            = "10.1016/0370-1573(93)90078-R",
      reportNumber   = "HD-TVP-93-1",
      SLACcitation   = "%%CITATION = PRPLC,232,87;%%"
}

@article{Werner:2005jf,
      author         = "Werner, K. and Liu, F.-M. and Pierog, T.",
      title          = "{Parton ladder splitting and the rapidity dependence of
                        transverse momentum spectra in deuteron-gold collisions at
                        RHIC}",
      journal        = "Phys. Rev.",
      volume         = "C74",
      year           = "2006",
      pages          = "044902",
      doi            = "10.1103/PhysRevC.74.044902",
      eprint         = "hep-ph/0506232",
      archivePrefix  = "arXiv",
      primaryClass   = "hep-ph",
      SLACcitation   = "%%CITATION = HEP-PH/0506232;%%"
}

@article{Pierog:2013ria,
      author         = "Pierog, T. and Karpenko, Iu. and Katzy, J. M. and
                        Yatsenko, E. and Werner, K.",
      title          = "{EPOS LHC: Test of collective hadronization with data
                        measured at the CERN Large Hadron Collider}",
      journal        = "Phys. Rev.",
      volume         = "C92",
      year           = "2015",
      number         = "3",
      pages          = "034906",
      doi            = "10.1103/PhysRevC.92.034906",
      eprint         = "1306.0121",
      archivePrefix  = "arXiv",
      primaryClass   = "hep-ph",
      reportNumber   = "DESY-13-125",
      SLACcitation   = "%%CITATION = ARXIV:1306.0121;%%"
}

@article{Engel:2015dxa,
      author         = "Riehn, F. and Engel, R. and Fedynitch, A. and
                        Gaisser, T. K. and Stanev, T.",
      title          = "{Charm production in SIBYLL}",
      booktitle      = "{Proceedings, 18th International Symposium on Very High
                        Energy Cosmic Ray Interactions (ISVHECRI 2014): Geneva,
                        Switzerland, August 18-22, 2014}",
      journal        = "EPJ Web Conf.",
      volume         = "99",
      year           = "2015",
      pages          = "12001",
      doi            = "10.1051/epjconf/20159912001",
      eprint         = "1502.06353",
      archivePrefix  = "arXiv",
      primaryClass   = "hep-ph",
      SLACcitation   = "%%CITATION = ARXIV:1502.06353;%%"
}

@article{Riehn:2015oba,
      author         = "Riehn, F. and Engel, R. and Fedynitch, A. and Gaisser, T. K. and Stanev, T.",
      title          = "{A new version of the event generator Sibyll}",
      booktitle      = "{Proceedings, 34th International Cosmic Ray Conference
                        (ICRC 2015): The Hague, The Netherlands, July 30-August 6,
                        2015}",
      journal        = "PoS",
      volume         = "ICRC2015",
      year           = "2016",
      pages          = "558",
      eprint         = "1510.00568",
      archivePrefix  = "arXiv",
      primaryClass   = "hep-ph",
      SLACcitation   = "%%CITATION = ARXIV:1510.00568;%%"
}

@article{Riehn:2017mfm,
      author         = "Riehn, F. and Dembinski, H. P. and Engel, R. and Fedynitch, A. and Gaisser, T. K. and Stanev, T.",
      title          = "{The hadronic interaction model SIBYLL 2.3c and Feynman
                        scaling}",
      booktitle      = "{Proceedings,  35th International Cosmic Ray Conference
                        (ICRC 2017): Bexco, Busan, Korea, July 12-20, 2017}",
      journal        = "PoS",
      volume         = "ICRC2017",
      year           = "2017",
      pages          = "301",
      eprint         = "1709.07227",
      archivePrefix  = "arXiv",
      primaryClass   = "hep-ph",
      SLACcitation   = "%%CITATION = ARXIV:1709.07227;%%"
}

@article{Anticic:2010yg,
      author         = "Anticic, T. and others",
      title          = "{Inclusive production of charged kaons in p+p collisions
                        at 158 GeV/c beam momentum and a new evaluation of the
                        energy dependence of kaon production up to collider
                        energies}",
      collaboration  = "NA49 Collaboration",
      journal        = "Eur. Phys. J.",
      volume         = "C68",
      year           = "2010",
      pages          = "1-73",
      doi            = "10.1140/epjc/s10052-010-1328-0",
      eprint         = "1004.1889",
      archivePrefix  = "arXiv",
      primaryClass   = "hep-ex",
      reportNumber   = "CERN-PH-EP-2009-029",
      SLACcitation   = "%%CITATION = ARXIV:1004.1889;%%"
}



# Comparison of hadronic models

@article{Abbasi:2012kza,
      author         = "Abbasi, R. and others",
      title          = "{Lateral Distribution of Muons in IceCube Cosmic Ray
                        Events}",
      collaboration  = "IceCube Collaboration",
      journal        = "Phys. Rev.",
      volume         = "D87",
      year           = "2013",
      number         = "1",
      pages          = "012005",
      doi            = "10.1103/PhysRevD.87.012005",
      eprint         = "1208.2979",
      archivePrefix  = "arXiv",
      primaryClass   = "astro-ph.HE",
      SLACcitation   = "%%CITATION = ARXIV:1208.2979;%%"
}

@article{Aab:2016hkv,
      author         = "Aab, A. and others",
      title          = "{Testing hadronic interactions at ultrahigh energies with
                        air showers measured by the Pierre Auger Observatory}",
      collaboration  = "Pierre Auger Collaboration",
      journal        = "Phys. Rev. Lett.",
      volume         = "117",
      year           = "2016",
      number         = "19",
      pages          = "192001",
      doi            = "10.1103/PhysRevLett.117.192001",
      eprint         = "1610.08509",
      archivePrefix  = "arXiv",
      primaryClass   = "hep-ex",
      reportNumber   = "FERMILAB-PUB-16-504-AD-AE-CD-TD",
      SLACcitation   = "%%CITATION = ARXIV:1610.08509;%%"
}

@inproceedings{Ostapchenko:2016wtv,
      author         = "Ostapchenko, S.",
      title          = "{LHC results and hadronic interaction models}",
      booktitle      = "{25th European Cosmic Ray Symposium (ECRS 2016) Turin,
                        Italy, September 04-09, 2016}",
      url            = "https://inspirehep.net/record/1507284/files/arXiv:1612.09461.pdf",
      year           = "2016",
      eprint         = "1612.09461",
      archivePrefix  = "arXiv",
      primaryClass   = "astro-ph.HE",
      SLACcitation   = "%%CITATION = ARXIV:1612.09461;%%"
}

@article{Dedenko:2017lag,
      author         = "Dedenko, L. G. and Lukyashin, A. V. and Roganova, T. M.
                        and Fedorova, G. F.",
      title          = "{Testing of the VENUS 4.12, DPMJET 2.55, QGSJET II-03 and
                        SIBYLL 2.3 hadronic interaction models via help of the
                        atmospheric vertical muon spectra}",
      booktitle      = "{Proceedings, 23th International Workshop on High Energy
                        Physics and Quantum Field Theory (QFTHEP 2017): Yaroslavl,
                        Russia}",
      journal        = "EPJ Web Conf.",
      volume         = "158",
      year           = "2017",
      pages          = "06006",
      doi            = "10.1051/epjconf/201715806006",
      SLACcitation   = "%%CITATION = 00776,158,06006;%%"
}

@article{Dedenko:2017hbu,
      author         = "Dedenko, L. G. and Lukyashin, A. V. and Roganova, T. M.
                        and Fedorova, G. F.",
      title          = "{Testing of the EPOS LHC, QGSJET01, QGSJETII-03 and
                        QGSJETII-04 hadronic interaction models via help of the
                        atmospheric vertical muon spectra}",
      booktitle      = "{Proceedings, 3rd International Conference on Particle
                        Physics and Astrophysics (ICPPA 2017): Moscow, Russia,
                        October 2-5, 2017}",
      journal        = "J. Phys. Conf. Ser.",
      volume         = "934",
      year           = "2017",
      number         = "1",
      pages          = "012017",
      doi            = "10.1088/1742-6596/934/1/012017",
      SLACcitation   = "%%CITATION = 00462,934,012017;%%"
}

@article{Pierog:2018nkf,
      author         = "Pierog, T.",
      title          = "{Review of Model Predictions for Extensive Air Showers}",
      booktitle      = "{Proceedings, 2016 Conference on Ultrahigh Energy Cosmic
                        Rays (UHECR2016): Kyoto, Japan, October 11-14, 2016}",
      journal        = "JPS Conf. Proc.",
      volume         = "19",
      year           = "2018",
      pages          = "011018",
      doi            = "10.7566/JPSCP.19.011018",
      SLACcitation   = "%%CITATION = INSPIRE-1649578;%%"
}





# Muon data

@article{Aab:2014pza,
      author         = "Aab, A. and others",
      title          = "{Muons in air showers at the Pierre Auger Observatory:
                        Mean number in highly inclined events}",
      collaboration  = "Pierre Auger Collaboration",
      journal        = "Phys. Rev.",
      volume         = "D91",
      year           = "2015",
      number         = "3",
      pages          = "032003",
      doi            = "10.1103/PhysRevD.91.059901, 10.1103/PhysRevD.91.032003",
      note           = "[Erratum: Phys. Rev.D91,no.5,059901(2015)]",
      eprint         = "1408.1421",
      archivePrefix  = "arXiv",
      primaryClass   = "astro-ph.HE",
      reportNumber   = "FERMILAB-PUB-14-290-AD-AE-E-TD",
      SLACcitation   = "%%CITATION = ARXIV:1408.1421;%%"
}

@article{Apel:2017thr,
      author         = "Apel, W. D. and others",
      title          = "{Probing the evolution of the EAS muon content in the
                        atmosphere with KASCADE-Grande}",
      collaboration  = "KASCADE-Grande Collaboration",
      journal        = "Astropart. Phys.",
      volume         = "95",
      year           = "2017",
      pages          = "25-43",
      doi            = "10.1016/j.astropartphys.2017.07.001",
      eprint         = "1801.05513",
      archivePrefix  = "arXiv",
      primaryClass   = "astro-ph.HE",
      SLACcitation   = "%%CITATION = ARXIV:1801.05513;%%"
}

@article{Abbasi:2018fkz,
      author         = "Abbasi, R. U. and others",
      title          = "{Study of muons from ultra-high energy cosmic ray air
                        showers measured with the Telescope Array experiment}",
      collaboration  = "Telescope Array Collaboration",
      year           = "2018",
      eprint         = "1804.03877",
      archivePrefix  = "arXiv",
      primaryClass   = "astro-ph.HE",
      SLACcitation   = "%%CITATION = ARXIV:1804.03877;%%"
}

@article{Gonzalez:2016ntp,
      author         = "Gonzalez, J. G.",
      title          = "{Measurement of the Muon Content of Air Showers with
                        IceTop}",
      booktitle      = "{Proceedings, 14th International Conference on Topics in
                        Astroparticle and Underground Physics (TAUP 2015): Torino,
                        Italy, September 7-11, 2015}",
      collaboration  = "IceCube Collaboration",
      journal        = "J. Phys. Conf. Ser.",
      volume         = "718",
      year           = "2016",
      number         = "5",
      pages          = "052017",
      doi            = "10.1088/1742-6596/718/5/052017",
      SLACcitation   = "%%CITATION = 00462,718,052017;%%"
}

@article{Fomin:2016kul,
      author         = "Fomin, {\relax Yu}. A. and Kalmykov, N. N. and Karpikov,
                        I. S. and Kulikov, G. V. and Kuznetsov, M. {\relax Yu}.
                        and Rubtsov, G. I. and Sulakov, V. P. and Troitsky, S. V.",
      title          = "{No muon excess in extensive air showers at
                        100–500 PeV primary energy: EAS–MSU results}",
      journal        = "Astropart. Phys.",
      volume         = "92",
      year           = "2017",
      pages          = "1-6",
      doi            = "10.1016/j.astropartphys.2017.04.001",
      eprint         = "1609.05764",
      archivePrefix  = "arXiv",
      primaryClass   = "astro-ph.HE",
      reportNumber   = "INR-TH-2016-035",
      SLACcitation   = "%%CITATION = ARXIV:1609.05764;%%"
}





# Muon losses

@article{Bezrukov:1981ci,
      author         = "Bezrukov, L. B. and Bugaev, E. V.",
      title          = "{Nucleon shadowing effects in photon nucleus interaction}",
      journal        = "Yad. Fiz.",
      volume         = "33",
      year           = "1981",
      pages          = "1195-1207",
      note           = "[Sov. J. Nucl. Phys.33,635(1981)]",
      SLACcitation   = "%%CITATION = YAFIA,33,1195;%%"
}

@article{Lipari:1991ut,
      author         = "Lipari, P. and Stanev, T.",
      title          = "{Propagation of multi-TeV muons}",
      journal        = "Phys. Rev.",
      volume         = "D44",
      year           = "1991",
      pages          = "3543-3554",
      doi            = "10.1103/PhysRevD.44.3543",
      SLACcitation   = "%%CITATION = PHRVA,D44,3543;%%"
}

@article{Bugaev:2002gy,
      author         = "Bugaev, E. V. and Shlepin, {\relax Yu}. V.",
      title          = "{Photonuclear interaction of high-energy muons and tau
                        leptons}",
      journal        = "Phys. Rev.",
      volume         = "D67",
      year           = "2003",
      pages          = "034027",
      doi            = "10.1103/PhysRevD.67.034027",
      eprint         = "hep-ph/0203096",
      archivePrefix  = "arXiv",
      primaryClass   = "hep-ph",
      SLACcitation   = "%%CITATION = HEP-PH/0203096;%%"
}

@article{Bugaev:2003sw,
      author         = "Bugaev, E. and Montaruli, T. and Shlepin, Y. and Sokalski, I. A.",
      title          = "{Propagation of tau neutrinos and tau leptons through the
                        earth and their detection in underwater / ice neutrino
                        telescopes}",
      journal        = "Astropart. Phys.",
      volume         = "21",
      year           = "2004",
      pages          = "491-509",
      doi            = "10.1016/j.astropartphys.2004.03.002",
      eprint         = "hep-ph/0312295",
      archivePrefix  = "arXiv",
      primaryClass   = "hep-ph",
      SLACcitation   = "%%CITATION = HEP-PH/0312295;%%"
}

@article{Abramowicz:1991xz,
      author         = "Abramowicz, H. and Levin, E. M. and Levy, A. and Maor,
                        U.",
      title          = "{A parametrization of $\sigma_{\rm T}$ ($\gamma^*$ p) above the
                        resonance region $Q^2 \geq 0$}",
      journal        = "Phys. Lett.",
      volume         = "B269",
      year           = "1991",
      pages          = "465-476",
      doi            = "10.1016/0370-2693(91)90202-2",
      reportNumber   = "DESY-91-068",
      SLACcitation   = "%%CITATION = PHLTA,B269,465;%%"
}

@article{Abramowicz:1997ms,
      author         = "Abramowicz, H. and Levy, A.",
      title          = "{The ALLM parameterization of $\sigma_{tot}$ ($\gamma^* p$): an update}",
      year           = "1997",
      eprint         = "hep-ph/9712415",
      archivePrefix  = "arXiv",
      primaryClass   = "hep-ph",
      reportNumber   = "DESY-97-251",
      SLACcitation   = "%%CITATION = HEP-PH/9712415;%%"
}

@article{Dutta:2000hh,
      author         = "Dutta, S. I. and Reno, M. H. and Sarcevic, I. and
                        Seckel, D.",
      title          = "{Propagation of muons and taus at high-energies}",
      journal        = "Phys. Rev.",
      volume         = "D63",
      year           = "2001",
      pages          = "094020",
      doi            = "10.1103/PhysRevD.63.094020",
      eprint         = "hep-ph/0012350",
      archivePrefix  = "arXiv",
      primaryClass   = "hep-ph",
      SLACcitation   = "%%CITATION = HEP-PH/0012350;%%"
}



# MCEq

@article{Fedynitch:2015zma,
      author         = "Fedynitch, A. and Engel, R. and Gaisser, T. K. and Riehn, F. and Stanev, T.",
      title          = "{Calculation of conventional and prompt lepton fluxes at
                        very high energy}",
      booktitle      = "{Proceedings, 18th International Symposium on Very High
                        Energy Cosmic Ray Interactions (ISVHECRI 2014): Geneva,
                        Switzerland, August 18-22, 2014}",
      journal        = "EPJ Web Conf.",
      volume         = "99",
      year           = "2015",
      pages          = "08001",
      doi            = "10.1051/epjconf/20159908001",
      eprint         = "1503.00544",
      archivePrefix  = "arXiv",
      primaryClass   = "hep-ph",
      SLACcitation   = "%%CITATION = ARXIV:1503.00544;%%"
}

@article{Fedynitch:2018vfe,
      author         = "Fedynitch, A. and Dembinski, H. and Engel, R. and Gaisser, T. K. and Riehn, F. and Stanev, T.",
      title          = "{A state-of-the-art calculation of atmospheric lepton
                        fluxes}",
      booktitle      = "{Proceedings,  35th International Cosmic Ray Conference
                        (ICRC 2017): Bexco, Busan, Korea, July 12-20, 2017}",
      journal        = "PoS",
      volume         = "ICRC2017",
      year           = "2018",
      pages          = "1019",
      SLACcitation   = "%%CITATION = POSCI,ICRC2017,1019;%%"
}

@misc{MCEq,
  author = "Fedynitch, A.",
  title = "{MCEq}",
  howpublished = "\url{https://github.com/afedynitch/MCEq}",
  year = {2017}
}


# Atmosphere models 

@book{Labitzke:1985,
	editor         = "Labitzke, K. and Barnett, J. J. and Edwards, B.",
	title          = "{Handbook MAP 16}",
	publisher      = "SCOSTEP",
	address        = "University of Illinois, Urbana",
	year           = "1985",
}

@article{Hedin:1991,
      author         = "Hedin, A. E.",
      title          = "{Extension of the MSIS thermospheric model into the middle and lower atmosphere}",
      journal        = "J. Geophys. Res.",
      volume         = "96",
      year           = "1991",
      pages          = "1159",
      doi            = "10.1029/2002JA009430",
}

@article{Picone:2002,
      author         = "{Picone, J. M., Hedin, A. E., Drob, D. P. and Aikin, A. C.}",
      title          = "{NRLMSISE-00 empirical model of the atmosphere: Statistical comparisons and scientific issues}",
      journal        = "J. Geophys. Res.",
      volume         = "107(A12)",
      year           = "2002",
      pages          = "1468",
      doi            = "10.1029/2002JA009430",
}



# Other neutrino telescopes

@article{Collaboration:2011nsa,
      author         = "Ageron, M. and others",
      title          = "{ANTARES: the first undersea neutrino telescope}",
      collaboration  = "ANTARES Collaboration",
      journal        = "Nucl. Instrum. Meth.",
      volume         = "A656",
      year           = "2011",
      pages          = "11-38",
      doi            = "10.1016/j.nima.2011.06.103",
      eprint         = "1104.1607",
      archivePrefix  = "arXiv",
      primaryClass   = "astro-ph.IM",
      SLACcitation   = "%%CITATION = ARXIV:1104.1607;%%"
}

@article{Adrian-Martinez:2016fdl,
      author         = "Adri{\'a}n-Mart{\'{\i}}nez, S. and others",
      title          = "{Letter of intent for KM3NeT 2.0}",
      collaboration  = "KM3Net Collaboration",
      journal        = "J. Phys.",
      volume         = "G43",
      year           = "2016",
      number         = "8",
      pages          = "084001",
      doi            = "10.1088/0954-3899/43/8/084001",
      eprint         = "1601.07459",
      archivePrefix  = "arXiv",
      primaryClass   = "astro-ph.IM",
      SLACcitation   = "%%CITATION = ARXIV:1601.07459;%%"
}

@article{Baikal2017,
      author         = "Avrorin, A. D. and others",
      title          = "{Status of the Baikal-GVD experiment - 2017}",
      booktitle      = "{Proceedings,  35th International Cosmic Ray Conference
                        (ICRC 2017): Bexco, Busan, Korea, July 12-20, 2017}",
      journal        = "PoS",
      volume         = "ICRC2017",
      year           = "2018",
      pages          = "1034",
}


@article{Arguelles:2015wba,
      author         = "{Arg\"uelles, C. A. and Halzen, F. and Wille,
                        L. and Kroll, M. and Reno, M.~H.}",
      title          = "{High-energy behavior of photon, neutrino, and proton
                        cross sections}",
      journal        = "Phys. Rev.",
      volume         = "D92",
      year           = "2015",
      number         = "7",
      pages          = "074040",
      doi            = "10.1103/PhysRevD.92.074040",
      eprint         = "1504.06639",
      archivePrefix  = "arXiv",
      primaryClass   = "hep-ph",
      SLACcitation   = "%%CITATION = ARXIV:1504.06639;%%"
}

@article{Beacom:2004jb,
      author         = "Beacom, J.~F. and Candia, J.",
      title          = "{Shower power: Isolating the prompt atmospheric neutrino
                        flux using electron neutrinos}",
      journal        = "JCAP",
      volume         = "0411",
      year           = "2004",
      pages          = "009",
      doi            = "10.1088/1475-7516/2004/11/009",
      eprint         = "hep-ph/0409046",
      archivePrefix  = "arXiv",
      primaryClass   = "hep-ph",
      reportNumber   = "FERMILAB-PUB-04-188-A-T",
      SLACcitation   = "%%CITATION = HEP-PH/0409046;%%"
}

@article{Jero:2016abf,
      author         = "Jero, K.",
      title          = "{CORSIKA modifications for faster background generation}",
      booktitle      = "{Proceedings, 7th Very Large Volume Neutrino Telescope
                        Workshop (VLVnT 2015): Rome, Italy, September 14-16,
                        2015}",
      journal        = "EPJ Web Conf.",
      volume         = "116",
      year           = "2016",
      pages          = "02003",
      doi            = "10.1051/epjconf/201611602003",
      SLACcitation   = "%%CITATION = 00776,116,02003;%%"
}
