@article{Vannucci:2017rqs,
	author = "Vannucci, F.",
	doi = "10.1016/j.ppnp.2017.03.003",
	journal = "Prog.\ Part.\ Nucl.\ Phys.",
	pages = "1--47",
	title = "{Interactions of neutrinos with matter}",
	volume = "95",
	year = "2017"
}

@article{Akimov:2017ade,
	author         = "Akimov, D. and others",
	title          = "{Observation of Coherent Elastic Neutrino-Nucleus
	Scattering}",
	collaboration  = "COHERENT",
	journal        = "Science",
	volume         = "357",
	year           = "2017",
	number         = "6356",
	pages          = "1123-1126",
	doi            = "10.1126/science.aao0990",
	eprint         = "1708.01294",
	archivePrefix  = "arXiv",
	primaryClass   = "nucl-ex",
	SLACcitation   = "%%CITATION = ARXIV:1708.01294;%%"
}